@misc{coco,
  author = {},
  title = {{Common Objects in Context}},
  howpublished = "\url{cocodataset.org}",
  note = {Accesed on 20.07.2022}
}

@misc{yolov5_dataset,
  author = {ultralytics},
  title = {{Tips for Best Training Results}},
  howpublished = "\url{https://github.com/ultralytics/yolov5/wiki/Tips-for-Best-Training-Results}",
  note = {Accesed on 20.07.2022}
}

@misc{yolov5_git,
  author = {ultralytics},
  title = {{YOLOv5}},
  howpublished = "\url{https://github.com/ultralytics/yolov5/}",
  note = {Accesed on 20.07.2022}
}

@article{yolov4_paper,
  author    = {Alexey Bochkovskiy and
               Chien{-}Yao Wang and
               Hong{-}Yuan Mark Liao},
  title     = {YOLOv4: Optimal Speed and Accuracy of Object Detection},
  journal   = {CoRR},
  volume    = {abs/2004.10934},
  year      = {2020},
  url       = {https://arxiv.org/abs/2004.10934},
  eprinttype = {arXiv},
  eprint    = {2004.10934},
  timestamp = {Tue, 28 Apr 2020 16:10:02 +0200},
  biburl    = {https://dblp.org/rec/journals/corr/abs-2004-10934.bib},
  bibsource = {dblp computer science bibliography, https://dblp.org}
}

@misc{yolov7_paper,
  doi = {10.48550/ARXIV.2207.02696},

  url = {https://arxiv.org/abs/2207.02696},

  author = {Wang, Chien-Yao and Bochkovskiy, Alexey and Liao, Hong-Yuan Mark},

  keywords = {Computer Vision and Pattern Recognition (cs.CV), FOS: Computer and information sciences, FOS: Computer and information sciences},

  title = {YOLOv7: Trainable bag-of-freebies sets new state-of-the-art for real-time object detectors},

  publisher = {arXiv},

  year = {2022},

  copyright = {arXiv.org perpetual, non-exclusive license}
}


@misc{binder_jetting,
  author = {},
  title = {{What is Binder Jetting 3D printing?}},
  howpublished = "\url{https://www.hubs.com/knowledge-base/introduction-binder-jetting-3d-printing/}",
  note = {Accesed on 20.07.2022}
}
